/*************EStado del Arte************************/
@article{UPS-01,
  title={Diseño, consutrcción e implementación de un sistema de telemetría utilizando tecnología GSM; para el monitoreo de los parámetros de temperatura, presión de aceite, velocidad de giro del motor y velocidad de desplazamiento de un vehículo chevrolet optra 2008},
  author={Angel Danilo Corjeno Ortega, Jorge Luis Tintin Suquilanda},
  Universidad={Universidad Politècnica Salesiana sede Cuenca},
  Carrera={Ingeniería Mecánica Automotriz},
  year={2010},
  Ciudad={Cuenca},
  Pais={Ecuador}
}
@article{UPS-02,
  title={DISEÑO E IMPLEMENTACIÓN DE UN SISTEMA DE TELEOPERACIÓN EN
UN CARRO DE GOLF ELÉCTRICO},
  author={Fabián Arancibia Santti, Claudio Urrea Oñate},
  journal={16 Convención científica de Ingenieria y arquitectura},
  year={2012}
}
@article{UPS-03,
  title={Diseño e implementación de un sistema de control electrónico para bloquear/desbloquear automóviles mediante mensajes SMS escriptados},
  author={Cujano Reyes Juan Pablo},
  Universidad={Escuela Superior politecnica de Chimborazo Facultad de Informatica y Electrónica},
  Carrera={Escuela de ingenieria electrónica en telecomunicaciones y redes},
  year={2010},
  Ciudad={Riobamba},
  Pais={Ecuador}
}
@article{UPS-04,
  title={Implementación de un telemando para mejorar la seguridad de un vehículo vía SMS},
  author={Geovanny Alexis Chuqimarca Morales },
  Universidad={Escuela Politécnica Nacional},
  Carrera={Electrónica y Telecomunicaciones},
  year={2011},
  Ciudad={quito},
  Pais={Ecuador}
}

@article{UPS-05,
  title={Sistema configurable de telecontrol mediante telefonia móvil GSM},
  author={Carlos Cuadrado Viana, Gerardo Arangueren Aramendia},
  Universidad={Universidad del País Vasco / Euskal Herriko Unibertsitatea},
  Carrera={Departamento de Electrónica y Telecomunicaciones},
  year={2001},
  Ciudad={Lejona},
  Pais={España}
}

@article{UPS-06,
  title={INSTALACIÓN DE SISTEMAS DE SEGURIDAD PASIVA EN UN VEHÍCULO CLÁSICO},
  author={Luis Miguel Ruiz Llarena},
  Universidad={UNIVERSIDAD DE CANTABRIA},
  Carrera={Departamento de Electrónica Industrial y Automática},
  year={2014},
  Ciudad={Navarra},
  Pais={España}
}

@article{UPS-07,
  title={Implementación de un sistema de administración remota para el proceso de obtención de datos del sistema OBD-II de un automóvil},
  author={Mirian Lucía Loachamín Loachamín  },
  Universidad={Escuela Politécnica Nacional},
  Carrera={Facultad de ingeniería eléctrica y electrónica},
  year={2015},
  Ciudad={quito},
  Pais={Ecuador}
}
@article{UPS-08,
  title={Un desarrollo Android para el control de dispositivos acoplados a un atomóvil},
  author={Virgilio Luis García Hoyas},
  Universidad={Universidad de Extremadura Escuela Politécnica},
  Carrera={Informática en Ingeniería del Software},
  year={2015},
  Ciudad={Cáceres},
  Pais={España}
}
@article{UPS-09,
  title={Bloqueo electrónico en el encendido de un vehículo, para proporcionar un sistema de seguridad contra robos},
  author={Luis Eduardo Cando Tite},
  Universidad={Universidad Técnica de Ambato},
  Carrera={Electrónica y comunicaciones},
  year={2011},
  Ciudad={Ambato},
  Pais={Ecuador}
}
@article{UPS-10,
  title={Robust Road Condition Detection System Using
In-Vehicle Standard Sensors},
  author={Juan Jesús Castillo Aguilar, Juan Antonio Cabrera Carrillo, Antonio Jesús Guerra Fernández Enrique Carabias Acosta},
  journal={Sensors 2015},
  Carrera={Department of Mechanical Engineering},
  year={2015},
  Ciudad={Malaga},
  Pais={Spain}
}
@article{UPS-11,
  title={Sistema Electrónico por comando de voz para la seguridad física, iluminación y accionamiento automático de los accesorios primarios de un automóvil},
  author={Edwin Ismael Torres Valverde},
  Universidad={Universidad Técnica de Ambato},
  Carrera={Electrónica y comunicaciones},
  year={2015},
  Ciudad={Ambato},
  Pais={Ecuador}
}
@article{UPS-12,
  title={Diseño, consutrcción e implementación de un sistema de seguridad para el control electrónico de la inyección a través de un teléfono móvil vía satelital para un vehículo chevrolet LUV 2.2},
  author={Carlos Oswaldo Quito Pachar, Carlos Benito Sarmiento Ríos},
  Universidad={Universidad Politècnica Salesiana},
  Carrera={Ingeniería Mecánica Automotriz},
  year={2013},
  Ciudad={Cuenca},
  Pais={Ecuador}
}
@article{UPS-13,
  title={Una aplicación móvil para el reconocimiento automático de matrículas de automóviles argentinos},
  author={Jorge Capra, Bernardo Capra, Claudio Aciti y Jose Marone},
  Universidad={Instituto INTIA},
  Carrera={Fac. Cs Exactas},
  year={2012},
  Ciudad={Buenos Aires},
  Pais={Argentina}
}
@article{UPS-14,
  title={Estudio, diseño e implementación de un sistema electrónico prototipo que permita controlar el estaod de las pastillas de los frenos de un vehículo y el uso del cinturón de seguridad de los asientos delanteros mediante avisos con pistas predeterminadas reproducidas en uno de los parlantes del vehículo},
  author={Roberto Carlos Paredes Atiencia},
  Universidad={Universidad tecnológica ISRAEL},

  year={2014},
  Ciudad={Quito},
  Pais={Ecuador}
}
@ONLINE{UPS-15,
author = {Forbes Staff },
title = {Se venderan 767 millones de autos en 2021},
month = {08},
year = {2016},
url = {http://www.forbes.com.mx/se-venderan-767-millones-de-autos-en-2021/#gs.TD81sH8}
}
@ONLINE{UPS-16,
author = {AMIA},
title = {Producción Total},
month = {08},
year = {2016},
url = {http://www.amia.com.mx/prodtot.html}
}
@ONLINE{UPS-17,
author = {INEGI},
title = {Vehículos de motor registrados en circulación},
month = {08},
year = {2016},
url = {http://www.inegi.org.mx/est/contenidos/proyectos/registros/economicas/vehiculos/default_t.aspx}
}

@ONLINE{UPS-18,
author = {CONEVAL},
title = {Pobreza 2014},
month = {08},
year = {2016},
url = {http://www.coneval.org.mx/Medicion/MP/Paginas/Pobreza_2014.aspx}
}
@ONLINE{UPS-19,
author = {El financiero},
title = {Robo de autos en 2015 fue el más bajo en 7 años},
month = {08},
year = {2016},
url = {http://www.elfinanciero.com.mx/economia/robo-de-autos-en-2015-fue-el-mas-bajo-en-anos.html}
}
@ONLINE{UPS-20,
author = {FORBES},
title = {las 5 marcas de vehículos más vendidas en enero},
month = {08},
year = {2016},
url = {http://www.forbes.com.mx/las-5-marcas-de-vehiculos-mas-vendidas-en-enero/#gs.2sNfLVs}
}
@ONLINE{UPS-21,
author = {FORBES},
title = {los 10 autos más vendidos del 2015},
month = {08},
year = {2016},
url = {http://www.forbes.com.mx/los-10-autos-mas-vendidos-del-2015/#gs.UbkChno}
}

@ONLINE{UPS-22,
author = {Timetoast},
title = {la historia del automovil en una linea de tiempo},
month = {08},
year = {2016},
url = {https://www.timetoast.com/timelines/la-historia-del-automovil-en-una-linea-de-tiempo
}
}

@ONLINE{UPS-23,
author = {HISTORY},
title = {la historia del automovil},
month = {08},
year = {2016},
url = {http://mx.formula-history.tuhistory.com/content/la-historia-del-automovil}
}

/*https://books.google.com.mx/books?hl=es&lr=&id=TRYmlorvR8EC&oi=fnd&pg=PA11&dq=sistemas+del+veh%C3%ADculo&ots=QYlpYbIrBf&sig=Y8jtUYXK936nCkCHtQZUjKsznYo#v=onepage&q&f=false*/

/********************************************MARCO TEORICO********************************************************************/
@ONLINE{MT-01,
author = {D.Kushner },
title = {The Making of Arduino, IEEE Spectrum},
month = {06},
year = {2016},
url = {http://spectrum.ieee.org/geek-life/hands-on/the-making-of-arduino}
}
@ONLINE{MT-02,
author = {Portal Oficial del hardware libre Arduino },
title = {Arduino Home},
month = {06},
year = {2016},
url = {http://arduino.cc}
}
@ONLINE{MT-03,
author = {John-David Warren, Josh Adams and HArald Molle },
title = {Arduino Robotics},
month = {07},
year = {2016},
url = {http://www.qsl.net/yo4tnv/docs/Arduino%20Robotics%20By%20Jhon-David%20Warren,%20Josh%20Adams%20and%20Harald%20Molle.pdf}
}
@ONLINE{MT-04,
author = {RASPBERRY PI FOUNDATION },
title = {Raspberry Pi},
month = {07},
year = {2016},
url = {https://www.raspberrypi.org}
}
@article{MT-05,
  title={Tecnología Bluetooth},
  author={Nathan J.Miller},
  journal={Madrid: McGraw-Hill Profesional},
  year={2002}
}
@ONLINE{MT-06,
author = {Eroski },
title = {Seguridad en redes Wifi},
month = {06},
year = {2016},
url = {http://www.consumer.es/web/es/tecnologia/internet/2005/04/04/140924.php.}
}
@article{MT-07,
  title={Wireless, Redes Inalámbricas: WIFI, WiMAX},
  author={I. Pérez López},
  journal={IES Manuel Bartolomé Cossio},
  year={2007}
}
@article{MT-08,
  title={“Análisis de rendimiento de la transmisión de televisión sobre IP (IPTV) bajo diferentes plataformas tecnológicas”. Tesis de grado de Ingeniería Electrónica.},
  author={J. Freja, C. Viloria.},
  journal={Universidad Del Norte},
  year={2008}
}
@article{MT-09,
  title={Diseño y optimización de una antena impresa para Wireless LAN},
  author={C. Mezquida},
  journal={Universidad Politécnica de Valencia - Escuela Politécnica Superior de Gandia Ingeniería Técnica de Telecomunicación Sistemas de Telecomunicación},
  year={2004}
}
@article{MT-10,
  title={Servicio de conectividad mediante tecnología inalámbrica Wifi/Wi-MAX},
  author={Telefoóica},
  journal={Dirección de área comercial},
  year={2006}
}

@ONLINE{MT-11,
author = {Zenva },
title = {Tipos de aplicaciones móviles y sus caracteristicas},
month = {07},
year = {2016},
url = {https://deideaaapp.org/tipos-de-aplicaciones-moviles-y-sus-caracteristicas}
}
@ONLINE{MT-12,
author = {Education Portal of the Americas },
title = {La educación Digital Magazine N 147},
month = {08},
year = {2016},
url = {http://www.educoas.org/portal/la_educacion_digital/147/pdf/ART_UNNED_EN.pdf}
}
@article{MT-13,
  title={The Global Positioning System},
  author={Henrring T.A.},
  journal={Scientific American},
  pages={32-38},
  year={1996}
}
@article{MT-14,
  title={GPS Posicionamiento Satelital},
  author={Eduardo Huerta, Aldo Mangiaterra, Gustavo Noguera},
  journal={Universidad Nacional del Rosario},
  volume={ISBN 950-673-488-7},
  number={1 edicion},
  year={2005}
}
@article{MT-15,
  title={Rediseño de los Elementos y Sistemas de Seguridad del transporte Urbano - Bus tipo- de la ciudad de Cuenca},
  author={J.E Llivicula, L. M. Sagñay},
  journal={Tesis, Ingenieriía Mecánica Autromtriz, Universidad Politécnide ca Salesiana, Cuenca},
  year={2007}
}
@article{GB1,
title={Desarrollo de una aplicación para la modificación del sistema de confort en un vehículo de gama media},
author={Gustavo Bujano-Guzmán, Juan Rodrigue-Portillo, Martín Hernández-Ordoñez},
journal={En Memorias del Encuentro Interinstitucional de Trabajos de Grado e Investigación en Ingeniería, Universidad de Santander Valledupar, Cesar, Colombia, Noviembre},
volumen={Volumen 3. ISSN: 2346-1454},
year={2015}
}
@article{GB2,
title={Desarrollo de una aplicación para la modificación del sistema de confort en un vehículo de gama media},
author={Gustavo Bujano-Guzmán, Juan Rodrigue-Portillo, Martín Hernández-Ordoñez},
journal={En Memorias del Segundo Congreso Nacional de Ingeniería, Universidad Politécnica de Victoria, Septiembre},
volumen={pp. 85-90. ISBN: 978-1-63415-029-3.},
year={2015}
} 

@article{GB3,
title={Desarrollo de una aplicación para la modificación del sistema de confort en un vehículo de gama media},
author={Gustavo Bujano-Guzmán, Juan Rodrigue-Portillo, Martín Hernández-Ordoñez},
journal={VI Foro de Ciencias y Civilización,Cerrito, Entre Rios, Argentina, Octubre},
year={2015}
} 
@ONLINE{MT-16,
author = {Consorcio},
title = {Última tecnología para evitar el robo de autos},
day = {03},
month = {06},
year = {2016},
url = {http://www.tuautoseguro.cl/conduccion/cual-es-la-ultima-tecnologia-para-evitar-el-robo-de-tu-auto/}
}





